<?xml version="1.0" encoding="utf-8"?>
<record xmlns="http://www.loc.gov/MARC21/slim" xmlns:xsi="http://www.w3.org/2001/XMLSchema-instance" xsi:schemaLocation="http://www.loc.gov/MARC21/slim http://www.loc.gov/standards/marcxml/schema/MARC21slim.xsd">
	<leader>     nam a22     Mi 4500</leader>
	<controlfield tag="001">b12739145</controlfield>
	<controlfield tag="003">UaCaAUL</controlfield>
	<controlfield tag="006">m        d        </controlfield>
	<controlfield tag="007">cr cn |||m|||a</controlfield>
	<controlfield tag="008">190222s1948    ua ab   ob    000 0 arard</controlfield>
	<datafield ind1=" " ind2=" " tag="040">
		<subfield code="a">ZYU</subfield>
		<subfield code="b">ara</subfield>
		<subfield code="e">rda</subfield>
		<subfield code="c">ZYU</subfield>
	</datafield>
	<datafield ind1=" " ind2=" " tag="043">
		<subfield code="a">f-ua---</subfield>
		<subfield code="a">f-sj---</subfield>
	</datafield>
	<datafield ind1=" " ind2="4" tag="050">
		<subfield code="a">DT107.3</subfield>
		<subfield code="b">.R3 1948</subfield>
	</datafield>
	<datafield ind1="1" ind2=" " tag="100">
		<subfield code="6">880-01</subfield>
		<subfield code="a">Rāfiʻī, ʻAbd al-Raḥmān.</subfield>
	</datafield>
	<datafield ind1="1" ind2="0" tag="245">
		<subfield code="6">880-02</subfield>
		<subfield code="a">Miṣr wa-al-Sūdān fī awāʼil ʻahd al-iḥtilāl :</subfield>
		<subfield code="b">tārīkh Miṣr al-qawmī min sanat 1882 ilá sanat 1892 /</subfield>
		<subfield code="c">bi-qalam ʻAbd al-Raḥmān al-Rāfiʻī Bik.</subfield>
	</datafield>
	<datafield ind1=" " ind2=" " tag="250">
		<subfield code="6">880-03</subfield>
		<subfield code="a">al-Ṭabʻah 2.</subfield>
	</datafield>
	<datafield ind1=" " ind2="1" tag="264">
		<subfield code="6">880-04</subfield>
		<subfield code="a">al-Qāhirah :</subfield>
		<subfield code="b">Maktabah al-Nahḍah al-Miṣrīyah,</subfield>
		<subfield code="c">1948.</subfield>
	</datafield>
	<datafield ind1=" " ind2="3" tag="264">
		<subfield code="6">880-05</subfield>
		<subfield code="a">al-Qāhirah :</subfield>
		<subfield code="b">Maṭabaʻat al-Fikrah,</subfield>
		<subfield code="c">1948</subfield>
	</datafield>
	<datafield ind1=" " ind2=" " tag="300">
		<subfield code="a">online resource (254) :</subfield>
		<subfield code="b">illustrations, maps</subfield>
	</datafield>
	<datafield ind1=" " ind2=" " tag="336">
		<subfield code="a">text</subfield>
		<subfield code="2">rdacontent</subfield>
	</datafield>
	<datafield ind1=" " ind2=" " tag="337">
		<subfield code="a">computer</subfield>
		<subfield code="2">rdamedia</subfield>
	</datafield>
	<datafield ind1=" " ind2=" " tag="338">
		<subfield code="a">online resource</subfield>
		<subfield code="2">rdacarrier</subfield>
	</datafield>
	<datafield ind1=" " ind2=" " tag="500">
		<subfield code="a">Part of the Arabic Collections Online (ACO) project, contributed by American University in Cairo Library.</subfield>
	</datafield>
	<datafield ind1=" " ind2=" " tag="504">
		<subfield code="a">Includes bibliographical references and indexes.</subfield>
	</datafield>
	<datafield ind1=" " ind2=" " tag="500">
		<subfield code="a">Includes errata page.</subfield>
	</datafield>
	<datafield ind1=" " ind2=" " tag="500">
		<subfield code="6">880-06</subfield>
		<subfield code="a">&quot;al-Thaman 25 Qirshān&quot;</subfield>
	</datafield>
	<datafield ind1=" " ind2=" " tag="533">
		<subfield code="a">Electronic reproduction.</subfield>
		<subfield code="b">New York, N.Y. :</subfield>
		<subfield code="c">New York University,</subfield>
		<subfield code="d">2019.</subfield>
		<subfield code="5">NNU</subfield>
	</datafield>
	<datafield ind1=" " ind2="0" tag="651">
		<subfield code="a">Egypt</subfield>
		<subfield code="x">History</subfield>
		<subfield code="y">British occupation, 1882-1936.</subfield>
	</datafield>
	<datafield ind1=" " ind2="0" tag="651">
		<subfield code="a">Sudan</subfield>
		<subfield code="x">History</subfield>
		<subfield code="y">1881-1899.</subfield>
	</datafield>
	<datafield ind1=" " ind2="0" tag="651">
		<subfield code="a">Sudan</subfield>
		<subfield code="x">History</subfield>
		<subfield code="y">1821-1881.</subfield>
	</datafield>
	<datafield ind1="2" ind2="7" tag="611">
		<subfield code="a">British Occupation of Egypt (1882-1936)</subfield>
		<subfield code="2">fast</subfield>
		<subfield code="0">(OCoLC)fst01352144</subfield>
	</datafield>
	<datafield ind1=" " ind2="7" tag="651">
		<subfield code="a">Egypt.</subfield>
		<subfield code="2">fast</subfield>
		<subfield code="0">(OCoLC)fst01208755</subfield>
	</datafield>
	<datafield ind1=" " ind2="7" tag="651">
		<subfield code="a">Sudan.</subfield>
		<subfield code="2">fast</subfield>
		<subfield code="0">(OCoLC)fst01204591</subfield>
	</datafield>
	<datafield ind1=" " ind2="7" tag="648">
		<subfield code="a">1821-1936</subfield>
		<subfield code="2">fast</subfield>
	</datafield>
	<datafield ind1=" " ind2="7" tag="655">
		<subfield code="a">History.</subfield>
		<subfield code="2">fast</subfield>
		<subfield code="0">(OCoLC)fst01411628</subfield>
	</datafield>
	<datafield ind1="2" ind2=" " tag="710">
		<subfield code="a">American University in Cairo.</subfield>
		<subfield code="b">Library.</subfield>
	</datafield>
	<datafield ind1="0" ind2=" " tag="730">
		<subfield code="a">Arabic Collections Online.</subfield>
	</datafield>
	<datafield ind1="0" ind2="8" tag="776">
		<subfield code="i">Print version:</subfield>
		<subfield code="a">Rāfiʻī, ʻAbd al-Raḥmān.</subfield>
		<subfield code="t">Miṣr wa-al-Sūdān fī awāʼil ʻahd al-iḥtilāl</subfield>
		<subfield code="w">(UaCaAUL)b12739145</subfield>
		<subfield code="w">(OCoLC)26506592</subfield>
	</datafield>
	<datafield ind1="4" ind2="0" tag="856">
		<subfield code="u">http://hdl.handle.net/2333.1/zcrjdpvf</subfield>
	</datafield>
	<datafield ind1="1" ind2=" " tag="880">
		<subfield code="6">100-01</subfield>
		<subfield code="a">رافعي، عبد الرحمن.</subfield>
	</datafield>
	<datafield ind1="1" ind2="0" tag="880">
		<subfield code="6">245-02</subfield>
		<subfield code="a">مصر والسودان في أوائل عهد الاحتلال :</subfield>
		<subfield code="b">تاريخ مصر القومي من سنة 1882 إلى سنة 1892 /</subfield>
		<subfield code="c">بقلم عبد الرحمن الرافعي بك.</subfield>
	</datafield>
	<datafield ind1=" " ind2=" " tag="880">
		<subfield code="6">250-03</subfield>
		<subfield code="a">الطبعة 2.</subfield>
	</datafield>
	<datafield ind1=" " ind2="1" tag="880">
		<subfield code="6">264-04</subfield>
		<subfield code="a">القاهرة :</subfield>
		<subfield code="b">مكتبة النهضة المصرية ،</subfield>
		<subfield code="c">1948.</subfield>
	</datafield>
	<datafield ind1=" " ind2="3" tag="880">
		<subfield code="6">264-05</subfield>
		<subfield code="a">القاهرة :</subfield>
		<subfield code="b">مطبعة الفكرة،</subfield>
		<subfield code="c">1948</subfield>
	</datafield>
	<datafield ind1=" " ind2=" " tag="880">
		<subfield code="6">500-06</subfield>
		<subfield code="a">&quot;لثمن 25 قرشاً&quot;</subfield>
	</datafield>
	<datafield ind1=" " ind2=" " tag="959">
		<subfield code="a">NNU</subfield>
		<subfield code="b">WEB</subfield>
		<subfield code="c">GENI</subfield>
		<subfield code="t">0</subfield>
		<subfield code="m">Electronic access</subfield>
		<subfield code="s">01</subfield>
	</datafield>
	<datafield ind1=" " ind2=" " tag="999">
		<subfield code="i">UaCaAUL_b12739145</subfield>
		<subfield code="o">(OCoLC)ocm26506592 </subfield>
		<subfield code="s">auc_aco000491</subfield>
	</datafield>
</record>
